@online{test,
    author={Nicolas Haenni},
    title={Eine Beispielquelle},
    date={2017-12-08},
    urldate={2017-12-08}
}